@misc{albanese12mlpy,
	author = {Davide Albanese and Roberto Visintainer and Stefano Merler and Samantha Riccadonna and Giuseppe Jurman and Cesare Furlanello},
	title = {mlpy: Machine Learning Python},
	journal = {},
	year = 2012,
	archiveprefix = "arXiv",
	eprint = "1202.6548",
	primaryclass = "cs"
}

@misc{berwick09idiots,
	author = {R. Berwick},
	title = {An Idiot's guide to Support vector machines (SVMs)},
	year = 2009,
	url = "http://www.cs.ucf.edu/courses/cap6412/fall2009/papers/Berwick2003.pdf"
}

